<?xml version="1.0" encoding="UTF-8"?><collection xmlns="http://www.loc.gov/MARC21/slim"><record><leader>00415nam--2200133-i-4500</leader><controlfield tag="001">000010530</controlfield><controlfield tag="002">20161230</controlfield><controlfield tag="005">20161230201028</controlfield><controlfield tag="008">060222s1000------------r-----000-0-eng-d</controlfield><datafield ind1=" " ind2=" " tag="080"><subfield code="a">015:661.183.1</subfield></datafield><datafield ind1=" " ind2=" " tag="100"><subfield code="a">Beaumont, Rejane</subfield></datafield><datafield ind1=" " ind2=" " tag="245"><subfield code="a">Modification des proprietes des zeolithes x et y par echange cationique et extraction d alumi nium. these</subfield></datafield><datafield ind1=" " ind2=" " tag="260"><subfield code="a">Lyon. Universite Claude-bernard, 1971 86 P</subfield></datafield><datafield ind1=" " ind2=" " tag="852"><subfield code="a">38113</subfield></datafield></record></collection>